<?xml version="1.0" encoding="UTF-8"?><collection xmlns="http://www.loc.gov/MARC21/slim"><record><leader>00377nam--2200121-i-4500</leader><controlfield tag="001">000008171</controlfield><controlfield tag="002">20161230</controlfield><controlfield tag="005">20161230201027</controlfield><controlfield tag="008">060222s1000------------r-----000-0-eng-d</controlfield><datafield ind1=" " ind2=" " tag="080"><subfield code="a">541.28</subfield></datafield><datafield ind1=" " ind2=" " tag="245"><subfield code="a">Colloque sur les effets de masse des isotopes en chimie et en biologie, vienne, 9-13 dec., 1963</subfield></datafield><datafield ind1=" " ind2=" " tag="260"><subfield code="a">Vienne, Agence Intern.De L Energie Atom., 1963 /P.Dif.</subfield></datafield><datafield ind1=" " ind2=" " tag="852"><subfield code="a">27288</subfield></datafield></record></collection>